3072 4852
259 429 345 498 5856
580 437 773 488 accusans
799 433 1012 488 catatonum

261 591 353 651 dicite
376 587 518 648 ‘Utinam
540 585 701 646 Academia
719 584 889 645 Parisienaia
910 591 954 643 tot
979 583 1097 643 haberet
1118 563 1258 654 eruditos,
1281 591 1355 661 quot

262 685 354 745 lrabet
361 683 425 763 jans
440 675 692 761 chalcographosss'
715 681 785 740 Nec
801 681 897 739 minus
913 679 1052 764 mirabile,
1068 679 1148 758 quod
1163 671 1354 740 Hermolaum

263 781 423 841 Barbarum
446 779 543 840 dicere
564 779 677 837 solitum
701 775 808 834 tradit:
831 775 916 844 ‘Qui
938 773 1061 833 Plinium
1078 793 1135 834 non
1148 771 1232 856 legit,
1250 777 1355 835 eatin-

262 877 390 936 doctus:
414 877 464 953 qui
479 875 585 935 lectum
601 873 770 942 contemnit,
792 871 955 931 indoctior:
978 871 1203 944 indoctissimus,
1226 873 1274 931 cui
1297 889 1354 930 non

263 973 361 1049 sapit!
391 971 499 1030 'Habet
509 969 547 1028 'ea
562 969 652 1028 editio
667 968 762 1027 varias
774 965 916 1026 lectiones
930 969 958 1026 in
975 969 1115 1046 margine.

306 1075 383 1130 1530
403 1067 491 1136 nant.
507 1066 556 1124 fol.
578 1084 630 1143 per
644 1064 965 1122 Beatum'erenanum.
1003 1064 1099 1124 Docta
1113 1072 1158 1124 est
1172 1065 1236 1124 haec
1250 1051 1354 1134 editio,

258 1173 298 1222 ut
310 1173 413 1222 ceteras
429 1163 617 1232 Basileenses,
633 1179 668 1220 ex
684 1159 732 1219 illa
747 1143 858 1218 Erasini
872 1177 900 1218 a.
920 1163 1006 1221 1525.

306 1266 382 1320 15³2
403 1257 492 1318 Paris.-
505 1257 526 1316 i.
546 1265 664 1317 curante
677 1255 755 1314 Petr.
770 1255 932 1324 Bellocirio,
946 1253 1035 1313 editio
1049 1254 1135 1332 longe
1147 1253 1355 1330 pulcherrima.

261 1353 337 1430 Ejus
365 1353 494 1424 brevem,
517 1361 548 1411 at
570 1351 816 1430 elegantissimam
841 1349 1051 1427 praefationem,
1076 1350 1149 1408 bene
1174 1349 1254 1421 iecit,
1285 1369 1352 1409 curn

264 1457 355 1516 totam
371 1447 630 1526 Dlaquisitionibus
652 1447 712 1505 suis
735 1445 872 1505 Plinianis
893 1445 1014 1504 inscruit
1031 1445 1076 1503 lll.
1092 1443 1294 1505 licazonicns:
1317 1463 1353 1504 ex

261 1555 321 1622 qna
336 1542 515 1620 intelligitur,
541 1555 607 1620 post
630 1543 762 1614 Barbari,
788 1542 835 1602 cui
850 1543 1006 1620 plurimum
1022 1541 1134 1611 tribuit,
1158 1541 1259 1600 Budaei
1278 1539 1351 1599 alio-

262 1657 385 1716 rumque
399 1657 516 1716 operam
542 1627 775 1708 bonam-'multa
797 1657 863 1697 eunt
885 1637 998 1716 reliqua
1022 1646 1151 1716 putasse,
1174 1655 1240 1714 qum
1266 1637 1355 1696 corri-

261 1734 357 1812 genda
370 1733 546 1805 riderentur,
570 1733 726 1813 ipsumque
741 1733 830 1793 multa
844 1733 1015 1804 correxisse,
1044 1753 1110 1812 qnae
1125 1731 1186 1791 illos
1201 1731 1352 1808 ingerant:

264 1828 345 1908 quod
371 1829 414 1887 vir
435 1830 483 1890 ille
507 1829 659 1889 modestus
684 1849 787 1908 magna
812 1851 879 1889 curn
897 1830 1109 1890 asseveratione
1128 1827 1303 1889 confirmat:
1325 1828 1355 1887 in

264 1943 323 2002 quo
338 1944 378 1994 se,
400 1924 450 1995 ait,
474 1923 591 1984 duobus
605 1924 736 2001 adjutum
761 1925 932 2001 pervetustis
955 1924 1035 1983 libris
1059 1924 1183 2002 scriptis,
1208 1930 1356 2002 pcr'quos

258 2019 402 2089 effecerit,
427 2029 458 2078 ut
479 2020 542 2078 lraec
565 2039 618 2080 sua
631 2019 722 2078 editio
741 2019 869 2080 omnium
892 2019 1106 2080 correctissima
1120 2029 1207 2079 esset.
1250 2021 1355 2098 ltaque

262 2116 499 2193 operaepretium
514 2115 612 2188 inerit,
636 2116 710 2175 hanc
726 2113 884 2174 editionem
899 2115 939 2175 ab
953 2115 999 2186 eo,
1016 2115 1066 2193 qui
1081 2133 1184 2174 novam
1199 2115 1355 2175 editionem

261 2229 366 2270 curare
381 2212 459 2282 velit,
474 2210 625 2288 diiigenter
638 2212 755 2280 excuti;
772 2229 858 2287 quam
874 2209 1033 2269 admodum
1047 2227 1141 2269 raram
1157 2229 1232 2280 esse,
1245 2209 1356 2270 indicio

264 2315 312 2365 est
326 2307 392 2377 hoc,
403 2307 484 2384 qnod
498 2307 548 2384 qui
563 2307 600 2366 de
613 2305 789 2364 editionibus
803 2305 888 2363 Plinii
903 2305 1012 2377 dixere,
1022 2325 1085 2363 earn
1099 2306 1159 2364 lere
1174 2307 1355 2384 ignoravere,

258 2399 310 2460 ill.
326 2401 508 2460 Reaaonieus
520 2411 615 2462 autern
631 2402 688 2461 duo
705 2401 791 2461 modo
806 2401 941 2478 exemplu
955 2401 1018 2476 ejus
1034 2401 1061 2458 in
1075 2401 1214 2480 Hispania
1228 2401 1357 2480 reperit;

263 2497 294 2555 in
321 2497 406 2555 ltalia
435 2498 557 2557 nulium.
599 2499 737 2558 Ceterum
763 2497 811 2557 illc
836 2495 1005 2556 Bellocirius
1028 2506 1073 2556 est
1096 2488 1254 2568 Danesius,¹
1270 2497 1357 2576 cnjus

263 2587 572 2669 editionem‘qnidam,
601 2591 652 2650 sed
679 2601 798 2651 tantum
817 2591 933 2650 nominc
955 2601 1051 2665 tenus,
1074 2603 1357 2665 commemorarunt;

262 2685 316 2744 lli.-
333 2687 514 2748 lienotticus
539 2685 768 2747 commentitiam
796 2687 938 2765 putabat:
961 2689 1071 2768 quippe
1093 2697 1122 2748 et
1146 2687 1283 2765 praelatio
1307 2689 1356 2750 illa

264 2783 339 2841 inter
361 2781 481 2839 Danesii
506 2781 650 2861 opuscula
671 2782 750 2842 edita
764 2792 828 2843 est:
852 2781 930 2842 adde
950 2783 1107 2844 Colomesii
1131 2783 1254 2843 Miscell.
1280 2783 1356 2844 ilict.

263 2873 379 2954 neto.

263 3007 267 3014 ·
298 2970 383 3032 '1534
404 2972 504 3031 Herm.
521 2975 642 3033 Barbari
656 2975 684 3032 in
698 2977 734 3034 C.
748 2975 832 3035 Plinii
847 2977 914 3035 Sec.
930 2973 968 3034 tt.
982 2975 1022 3035 N.
1037 2975 1252 3054 castigationes,
1269 2975 1358 3037 Basil.

261 3111 266 3122 .
308 3074 383 3127 1535
406 3069 509 3127 Venet.
536 3071 635 3128 tvcll.
652 3079 719 3144 sno.
741 3073 788 3130 cri.
806 3071 898 3133 Andr.
917 3073 1056 3144 Anniano,
1081 3071 1136 3131 sub
1151 3071 1218 3131 Aldi
1241 3071 1358 3150 insigni.

263 3161 407 3224 Praelatus
433 3172 478 3225 est
500 3164 592 3225 Andr.
616 3166 753 3225 Rabirius
780 3167 952 3227 Brisiacus:
975 3167 1025 3227 sed
1052 3169 1077 3228 is
1099 3167 1170 3227 nibil
1193 3165 1276 3238 dicit,
1301 3167 1358 3226 nisi

264 3259 341 3318 lranc
356 3258 513 3318 editionem
528 3279 589 3318 esse
614 3281 668 3320 aua
690 3262 826 3338 opinione
851 3264 978 3322 omnium
992 3260 1267 3343 castigatissimum}
1290 3283 1357 3342 qum

264 3364 308 3413 est
324 3371 396 3412 vana
413 3353 540 3429 jactatio
564 3373 621 3414 non
637 3357 773 3416 habentis
787 3379 847 3437 quo
863 3359 1049 3418 commendet
1062 3379 1155 3438 opus:
1184 3359 1357 3438 videturque

265 3447 295 3506 id
310 3448 454 3525 pertinere
468 3458 583 3510 tantum
598 3450 636 3510 ad
648 3452 825 3535 diligentiam
840 3455 1092 3535 typographicam.

554 3688 665 3750 AETns
686 3687 741 3748 lll.
782 3691 1036 3754 GELENIANA.

649 3821 978 3879 1535-1548-1582.

296 3969 528 4048 Antesignenum
543 3972 636 4058 habet
649 3973 766 4052 Sigism.
781 3975 948 4046 Gelensium,
963 3977 1014 4055 qui
1032 3977 1112 4038 edito
1125 3979 1190 4055 jam
1203 3999 1251 4039 au.
1267 3987 1355 4052 15³5.

267 4067 490 4143 castigationum
514 4068 669 4140 volumine,
695 4070 830 4148 quamvis
854 4073 951 4132 nimiae
974 4094 991 4132 a
1016 4075 1192 4152 quibusdam
1220 4087 1357 4156 arguatur

262 4161 399 4233 licentiae,
407 4161 557 4224 Haeduino
568 4176 664 4226 tamen
674 4165 789 4243 judice,
801 4175 979 4230 vetustorum
994 4172 1161 4232 auctoritati
1171 4172 1306 4234 codicum
1319 4191 1356 4234 ac
