3006 4844
335 383 371 432 ο.
395 382 514 472 runnu
537 383 703 432 secunus
728 383 802 434 nte.
826 365 956 434 x‘xxv.
977 367 1066 455 (10.)
1158 371 1245 436 5⁷75

144 519 239 570 obrem
256 520 380 585 Apellens
401 538 432 574 eo
452 539 481 573 se
495 525 636 575 contulisse
653 527 680 575 in
719 527 785 576 suis:
804 522 1245 591 eoquecondiotndesidereto'scir·

144 597 353 663 mercedemque
372 600 497 649 talentum
517 602 634 667 solvisse,
653 612 682 652 nt
718 602 785 651 citer
804 604 955 666 octoginta:
975 611 1028 652 turn
1050 603 1128 651 etiam
1153 601 1244 651 eodem

147 687 212 720 enm
236 673 381 735 pictoribus
404 675 429 723 in
448 690 480 723 ea
496 675 602 725 civitate
621 692 682 725 eon·
720 685 837 739 tempore
855 676 1038 734 Athenienses,
1064 675 1155 740 quiin
1177 677 1244 740 Pylo

148 746 315 797 suetudinem
338 749 452 806 haberet,
471 751 595 814 simulque
609 762 636 801 et
655 753 681 802 ln
719 749 1018 811 erent,'1.aeedemoniis
1030 752 1124 814 prede
1136 751 1245 802 multum

149 823 214 872 artis
234 834 260 871 et
277 823 303 872 in
322 824 519 874 existimationis
531 827 682 875 societatem
719 827 854 888 eripuisse,
869 827 937 890 qood
954 828 1013 877 huic
1027 829 1084 876 loco
1097 834 1169 876 recte
1184 841 1246 878 eon·

150 897 267 946 veniret.
300 899 411 948 Arctum
431 908 561 962 preterea
581 902 682 950 Melen-
719 902 800 951 venit.
835 902 964 952 Ceterum
987 903 1069 965 strepis
1090 903 1177 966 placet
1203 903 1246 952 bie

151 973 191 1022 thi
207 983 235 1021 et
250 974 382 1037 Pamphili
401 973 500 1023 tebolss
517 989 603 1024 emere
623 976 683 1024 soii·
720 977 859 1039 signldcsri
891 979 1008 1041 prelium
1035 979 1068 1025 sd
1096 978 1245 1026 Phliuntem

151 1057 219 1108 tum,
228 1064 291 1112 ques
303 1051 337 1098 oh
349 1051 410 1099 artis
424 1051 598 1112 praeetsntiem
610 1052 683 1100 nobi·
720 1067 777 1100 cnm
787 1053 923 1102 Pellentels
935 1045 1098 1103 conmissum
1107 1055 1246 1103 victoribus

151 1125 194 1174 les
204 1124 351 1174 Psoteuaeo
364 1127 546 1189 regidonaret.
563 1126 639 1186 Idem.
719 1127 838 1176 Phlinslis
850 1141 941 1190 niagno
952 1128 1062 1178 hostium
1071 1130 1154 1190 clade,
1166 1144 1180 1177 a
1192 1130 1246 1178 Xe·

151 1227 155 1232 =
189 1199 248 1248 Tris
268 1199 341 1259 seete
366 1207 431 1262 sent,
457 1201 576 1264 lonicum]
608 1202 686 1252 lonis
720 1201 847 1265 nophonte
867 1203 1026 1268 descriptum
1042 1204 1109 1254 libro
1129 1217 1178 1255 νη.
1196 1205 1246 1253 tte·

153 1275 306 1326 (ir-senorum
319 1274 371 1327 fuit
386 1278 486 1326 colonie
503 1277 528 1326 in
540 1277 627 1328 Asiam
640 1279 683 1328 de·
721 1291 776 1326 rum
789 1279 950 1328 Gruesrum.
971 1281 1045 1328 idern.

153 1350 252 1400 doctas
271 1351 384 1401 Athene
400 1362 487 1401 entem
509 1359 588 1416 caput
610 1361 684 1402 erant
753 1350 873 1414 Pamphili
880 1351 974 1414 picture
984 1358 1019 1401 est
1031 1352 1141 1412 menotio
1151 1359 1175 1402 st
1183 1368 1246 1416 pro·

152 1440 221 1475 neres
234 1425 365 1482 Helladis,
383 1427 409 1475 in
420 1441 473 1490 qna
484 1437 524 1476 est
541 1435 569 1476 et
580 1428 683 1492 Sicyon,
719 1427 778 1476 iinsn
788 1430 820 1477 nd
829 1428 981 1491 Phliuntem]
997 1429 1020 1477 Α
1032 1429 1176 1479 Scholinate
1187 1436 1248 1478 sttnt

155 1503 237 1552 slters
256 1509 316 1566 post
328 1503 443 1552 Athenas
455 1504 565 1567 picture
578 1506 683 1567 petrles
718 1505 863 1567 picinrnest,
874 1505 1141 1569 ignoretel'ossieno:
1154 1515 1180 1554 et
1190 1522 1247 1556 rer·

155 1578 223 1628 unde
235 1593 296 1626 mox
310 1578 447 1640 generibus
457 1579 520 1641 ipsis
531 1580 685 1642 cognomine
722 1581 755 1630 be
774 1581 855 1630 Plinii
869 1582 1046 1645 precedentis
1064 1581 1140 1630 sscile
1153 1583 1177 1630 id
1190 1597 1248 1645 prs·

155 1661 214 1703 sunt
233 1652 315 1716 lente,
335 1652 461 1711 Atticum,
479 1654 639 1716 Sicyonium,
657 1662 685 1705 et
721 1656 793 1706 bant.
830 1658 939 1706 biset-at
960 1658 1049 1706 enim:
1077 1657 1248 1721 ‘Eupompns

155 1729 351 1789 lonicum,olim
361 1728 503 1778 Aristicotn
516 1731 684 1793 appellatum.
721 1729 837 1796 (docuit)
846 1732 1008 1796 Pamphilum
1020 1732 1119 1795 Apellis
1132 1747 1247 1795 precep·

158 1805 241 1855 Gelen-
722 1814 813 1856 torem.
843 1807 894 1874 ,Est
916 1808 1045 1871 Eupompi
1064 1799 1247 1857 ttictoroerta·¹

189 1878 320 1942 Gognnts'o]
334 1879 383 1938 'thr
398 1878 512 1942 φρατρίαν
530 1878 623 1941 lnnuit,
644 1893 684 1928 so·
721 1881 790 1931 mine
807 1882 925 1945 gymnico
948 1884 1057 1946 palmum
1076 1891 1177 1945 tenens,
1197 1887 1247 1932 &c

155 1955 301 2020 delitatsm,
319 1954 478 2018 sodalitium,
498 1954 604 2016 tribum,
626 1969 685 2004 con·
723 1956 851 2018 Pamphili
864 1955 1004 2020 cognatio!
1023 1959 1128 2007 Gronov.

155 2032 313 2093 toberninm,
334 2031 552 2086 conventiculum,
577 2029 686 2092 curiam,
759 2030 865 2079 Victoris
886 2031 1079 2095 Atheniensium]
1105 2032 1248 2082 Victoriam

154 2105 201 2156 bri
216 2109 264 2155 esis
281 2104 495 2168 eousirppsdrns.
522 2103 686 2154 Atheniensis
722 2103 824 2168 irrepsi
839 2106 979 2168 significari
993 2116 1067 2171 puto,
1089 2121 1181 2172 nempe
1202 2109 1249 2157 elia

155 2184 266 2246 popolus
275 2183 439 2230 divienserat
450 2182 476 2228 in
492 2178 628 2228 duodecim
641 2181 686 2229 tri·
722 2181 882 2236 destitutum,
894 2183 968 2244 cnjus
982 2182 1249 2232 usmtntsPsusmias

157 2257 211 2304 bus.
254 2258 356 2307 lissum
377 2256 484 2319 singulae
506 2255 531 2303 in
553 2262 606 2303 tres
628 2263 687 2318 ppe-
723 2256 750 2303 in
762 2255 868 2305 Atticis·
899 2256 942 2306 stc
958 2267 1043 2306 sutem
1066 2258 1247 2326 lingebantA·

154 2333 229 2396 emes,
253 2334 310 2382 sive
332 2332 426 2393 curies,
445 2338 491 2379 ent
512 2331 686 2392 copulationes.
724 2331 880 2390 tltenienses,
897 2331 970 2394 quasi
986 2332 1117 2381 ebrorum
1134 2333 1250 2382 domina·

154 2410 240 2460 Dalec,
466 2459 468 2468 Ι
497 2431 499 2434 -
724 2413 752 2453 tu
767 2419 894 2469 nunqnam
909 2420 1040 2454 sucessum
1059 2416 1102 2455 aut
1118 2409 1251 2458 evulsione

187 2487 229 2534 Art
241 2482 395 2546 Phliuntem]
408 2482 488 2546 Cujus
496 2481 646 2544 magistratu
655 2495 686 2530 ac
724 2490 809 2529 esset:
826 2479 1040 2544 quemadmodum
1052 2482 1094 2531 elii
1107 2483 1248 2533 Fortunam

154 2559 235 2609 ductu
260 2559 293 2607 ad
310 2559 461 2607 Phliuntem
481 2556 642 2606 eorstsnissum
659 2556 685 2604 id
723 2555 889 2618 compedibus
901 2556 1249 2622 vinctenr,utaemperspnd

154 2638 273 2700 pretinm
286 2636 330 2690 sit,
350 2645 396 2685 snt
413 2646 464 2698 qno
476 2633 572 2698 seculo,
585 2643 634 2682 non
647 2647 685 2680 re·
721 2630 902 2693 repropitiant
919 2631 1076 2687 detinerent,
1093 2634 1173 2682 veluti
1189 2649 1250 2698 cep-

156 2713 237 2776 perio.
271 2709 445 2772 Suspicsutnr
463 2708 565 2771 quidem
582 2706 686 2756 Pericle
725 2705 816 2754 tieem.
833 2705 917 2755 Doleo.

156 2803 199 2838 res
215 2793 324 2850 gerente
338 2785 363 2834 id
376 2784 510 2843 accidisse,
522 2798 581 2832 oum
599 2782 685 2846 Sicyo·
759 2779 843 2829 Ulixes
855 2780 882 2829 t'n
891 2780 956 2843 rote]
973 2783 1072 2845 Ulyseis
1085 2782 1187 2831 tandem
1206 2785 1251 2833 nr't·

156 2865 206 2912 uiis
222 2865 254 2912 sd
276 2864 403 2928 Nemeam
419 2861 507 2922 prelio
524 2858 587 2907 fusis
605 2874 634 2907 ac
647 2858 686 2908 su·
724 2867 809 2905 sertus
820 2855 937 2918 luptter,
949 2873 996 2921 per
1005 2858 1165 2907 Mercurium
1175 2861 1250 2924 Coly-

157 2939 222 3002 gatis
243 2941 386 2998 tropheum
407 2936 501 2984 erexit.
536 2935 583 2983 Est
601 2943 686 2982 entem
724 2932 797 2994 psoni
818 2932 956 2994 imperavit
974 2948 1031 2982 eum
1050 2944 1079 2982 ut
1097 2933 1251 2985 dimitteret.

157 3015 263 3078 Sicyoni
277 3015 368 3063 Phlius
380 3011 549 3061 contermina.
575 3010 687 3060 Qttidem
724 3005 853 3057 Consecte
864 3008 942 3070 igitur
961 3017 1027 3073 rste,
1039 3011 1102 3058 sueri
1114 3025 1141 3058 se
1156 3011 1249 3060 iterum

157 3089 182 3137 tn
199 3089 328 3138 eccidisse
347 3095 440 3150 putent
454 3085 654 3134 lacedemoniis
672 3100 688 3133 s
724 3082 746 3130 is
762 3083 898 3132 conuulsis.
933 3084 965 3133 ld
983 3086 1106 3134 videlicet
1125 3087 1251 3151 estquod

158 3165 238 3216 Nicia
250 3164 382 3226 superetis
393 3163 426 3211 ed
448 3162 549 3225 Pylum,
561 3170 588 3209 et
600 3176 615 3209 e
628 3160 686 3210 cte·
724 3158 877 3222 Pamphilus
888 3160 981 3223 pinxit.
998 3160 1073 3210 Idem.

159 3255 207 3289 one
220 3249 314 3303 postes
325 3239 351 3287 in
363 3237 515 3301 Spheeterin
527 3237 619 3299 captis.
652 3236 687 3284 Α·
758 3235 836 3290 Quom
846 3237 973 3284 werdon
985 3236 1250 3298 esspettesetnteten·

160 3316 306 3364 theniensee
320 3323 392 3362 certe
402 3313 460 3376 ejus
472 3310 606 3360 felicitatis
618 3313 688 3361 illus·
724 3310 826 3358 thierri
844 3311 938 3373 dedas]
958 3311 1093 3359 Vossianus
1111 3325 1251 3373 pronomen

160 3391 262 3440 trandae
276 3403 465 3438 censaeneam
481 3387 619 3449 imaginem
636 3387 687 3436 vic·
724 3387 807 3435 sinon
826 3385 953 3449 egnoseit.
985 3386 1087 3447 Scribe,
1102 3401 1172 3448 quesn
1190 3403 1250 3436 rnen

160 3467 231 3516 sorite
249 3467 275 3514 in
293 3479 352 3514 erce
369 3463 564 3524 dedicsiernnt,
582 3471 688 3511 enetore
724 3461 838 3509 esdesssi
855 3461 949 3523 Apelles
966 3465 990 3508 et
1002 3460 1140 3510 Melanthus
1159 3464 1251 3512 didm.

158 3539 289 3590 Pensauis
305 3539 351 3589 lib.
369 3551 406 3586 ιν.
440 3537 492 3585 Alii
510 3535 689 3600 conjectentur
726 3535 840 3586 Gronov.

158 3613 185 3663 id
204 3616 323 3663 evenisse
341 3627 398 3662 cum
412 3613 570 3674 Tlnrotheus,
583 3611 689 3660 hcotii·
731 3637 737 3644 ·
758 3610 823 3658 Ante
839 3610 917 3658 omnin
927 3609 1108 3673 diogruphicen]
1124 3610 1155 3659 ln
1165 3621 1251 3662 vetos·

158 3705 215 3748 ceni
234 3691 382 3754 populetur,
400 3690 507 3738 classem
524 3687 688 3738 Lecedaemo·
727 3694 753 3733 to
765 3685 915 3748 exemplari,
926 3686 1194 3748 omnionntigrnphs'een
1210 3689 1252 3735 do·

160 3781 219 3814 unm
232 3767 258 3814 in
271 3764 359 3826 sugam
371 3766 460 3814 vertit.
486 3763 688 3826 nittenmlptn·
725 3766 841 3810 ematur.
873 3761 974 3821 Scribo,
987 3762 1066 3810 cunin
1082 3766 1138 3810 ente
1152 3761 1252 3824 erophi-

160 3849 247 3888 crates
265 3847 401 3900 superstes
413 3837 625 3887 Lseedemouum
645 3851 688 3886 co-
725 3849 767 3884 cen
792 3838 938 3891 docerentur,
966 3836 1109 3898 postposite
1129 3837 1253 3898 preposi-

160 3916 215 3978 pias
228 3913 343 3976 disjecit,
360 3920 387 3962 et
404 3911 491 3976 fugem
505 3913 619 3973 arripere
630 3911 688 3961 cod·
727 3911 807 3972 tione,
819 3919 848 3960 ut
860 3927 913 3960 mos
923 3921 962 3959 est
975 3912 1069 3960 Plinio.
1086 3910 1155 3959 Pisi.
1187 3913 1251 3961 Ante

162 3990 208 4053 git.
244 3989 353 4037 Invenio
364 3987 468 4052 quidem
481 3987 688 4049 epnd'l'hucydi·
725 3987 802 4035 onsnie
816 3987 993 4048 diegruphisen,
1014 3983 1069 4048 hc]
1086 3985 1123 4033 Ut
1139 4000 1171 4034 ee
1188 4000 1251 4036 voce

162 4067 219 4114 dem
238 4066 287 4112 soh
304 4063 380 4112 finem
399 4063 457 4111 libri
472 4063 564 4126 quinti,
578 4062 688 4124 Argivos
726 4061 872 4110 redimente
883 4062 990 4123 pit-turae
1002 4061 1190 4121 intelligentium
1207 4075 1252 4110 ne·

163 4138 303 4189 Phlieslnm
324 4153 413 4202 agrum
432 4143 572 4194 vesmutes,
592 4151 686 4200 excep·
725 4149 775 4198 que
796 4134 863 4182 enlin
883 4147 970 4181 omnes
985 4135 1057 4196 pueri
1076 4134 1101 4181 in
1118 4133 1251 4184 absolutos

162 4229 202 4274 aps
223 4214 322 4264 insidiis
342 4229 358 4262 s
380 4212 500 4262 Phlissiis
519 4221 546 4261 et
568 4210 686 4262 exulibus
724 4208 839 4260 ertitlees
855 4207 1010 4258 eredebant.
1043 4209 1092 4258 Est
1103 4218 1189 4260 entem
1202 4211 1251 4260 ltn-
