3072 4852
249 375 336 456 6848
593 391 754 446 norsum
779 392 993 444 nrrrnrnrn

250 566 316 608 mus
330 550 438 618 narrat,
455 545 628 634 longolium
647 566 732 626 pene
756 565 878 627 puerum
902 549 988 627 plura
1013 546 1042 605 in
1065 544 1158 606 Plinio
1172 547 1342 611 emendatae

248 649 279 702 ct
293 650 418 714 uomere,
433 661 500 719 qne
518 643 583 720 ipso
596 643 689 704 inscio
707 654 738 704 et
759 643 850 704 inrito
864 645 894 702 in
909 642 1010 704 Gellia
1024 640 1130 705 inierint
1150 641 1239 702 edita.
1280 644 1346 702 Me·

247 738 443 798 moratoriam
458 737 640 808 Orationem,
654 736 692 797 de
713 738 852 799 laudibus
877 739 913 800 C.
929 735 1027 808 Plinii,
1040 756 1076 796 ac
1091 737 1343 798 commentariolo

246 849 298 902 11.
312 831 396 892 Plinii
410 832 511 892 libros.
554 833 592 892 Et
614 834 748 894 Gesnero
773 834 906 911 Longolii
920 834 1137 898 Commentario
1159 834 1189 892 in
1216 833 1343 892 Pliniu-

248 927 445 1000 celebrantur,
460 946 547 1006 qnem
563 927 684 987 Piclrrii
707 927 827 1008 publice
851 949 919 990 cum
939 946 1054 988 summa
1068 928 1199 988 omnium
1214 927 1341 988 admira-

248 1023 326 1084 tione
340 1022 429 1082 docte
450 1033 481 1082 et
503 1023 652 1102 eleganter
669 1022 756 1083 luserit
778 1023 995 1104 interpretatus.
1036 1024 1147 1084 Tamen
1171 1022 1344 1101 Longolinm

249 1132 281 1182 et
293 1121 399 1200 steph.
415 1123 569 1200 Aaneum,
586 1120 637 1199 qui
659 1121 751 1180 Paria.
777 1128 864 1182 1530.
886 1119 909 1180 l.
925 1119 1016 1180 edidit
1030 1121 1147 1196 Comus.
1161 1119 1189 1179 in
1202 1119 1278 1179 Plin.
1293 1119 1347 1178 nri·

248 1236 351 1276 norum
374 1217 502 1297 gentium
524 1217 698 1294 interpretes
712 1216 810 1276 vocari
830 1215 916 1275 video
930 1214 970 1275 ab
985 1214 1079 1276 Andr.
1095 1215 1232 1286 schotto,
1248 1215 1298 1291 qui
1315 1215 1346 1273 in

247 1309 380 1390 Epistola
392 1309 431 1370 ad
443 1309 599 1382 Ortelium,
625 1311 714 1372 Melae
736 1310 883 1386 subjecta,
905 1316 914 1341 ‘
930 1309 1078 1381 Pintiani,'
1091 1309 1198 1388 inquit,
1219 1309 1272 1368 ‘in
1287 1308 1348 1368 Pli-

248 1405 327 1468 nium
342 1407 453 1468 utinam
471 1415 502 1466 te
524 1405 660 1466 hortante
683 1406 833 1466 Plautinus
858 1414 964 1476 noster,
987 1404 1192 1483 typographus
1215 1402 1346 1464 omnium

250 1510 325 1580 quot
335 1509 416 1575 sunt,
430 1509 526 1574 erunt,
542 1500 667 1560 maxime
681 1499 851 1574 industrius,
864 1500 894 1560 iu
908 1500 1013 1578 vulgus
1023 1499 1094 1560 edat
1107 1518 1174 1559 eum
1188 1500 1253 1559 Jrc.
1268 1497 1348 1558 Susii

250 1605 282 1656 et
304 1597 496 1675 Brugensium
520 1596 616 1657 notis:
639 1602 714 1654 essct
735 1615 788 1654 cur
809 1595 993 1673 Reipublicae
1017 1594 1163 1665 literariae,
1185 1593 1300 1672 patriae,
1316 1600 1347 1652 et

251 1693 346 1752 Plinio
368 1692 423 1770 ipsi
442 1692 506 1769 jam
532 1710 617 1769 paene
639 1691 669 1748 in
688 1692 834 1768 integrum
860 1690 998 1750 restituto
1019 1688 1240 1767 gratularemur.
1281 1688 1346 1746 Noa

250 1786 427 1848 Toletanum
442 1785 584 1846 Codicenr
600 1786 660 1846 Ms.
682 1806 743 1865 quo
757 1805 829 1846 usus
844 1795 887 1846 est
901 1785 1063 1856 Florianus,
1079 1783 1271 1860 inspeximus,
1286 1801 1347 1842 uon

250 1901 346 1960 pauca
360 1881 464 1942 relicta
476 1881 657 1959 collegimus,
679 1881 809 1940 Solinnm
832 1900 952 1959 quoqne
971 1889 1001 1940 et
1021 1879 1172 1956 Capellam
1186 1898 1253 1938 cum
1272 1879 1347 1936 Mas.

249 1977 430 2057 compositos
453 1975 672 2036 recensuimus:
708 1975 759 2035 sed
788 1987 981 2036 maturescere
1009 1975 1124 2034 sinam?
1177 1975 1221 2032 Ex
1243 1972 1347 2033 eodem

248 2073 375 2134 Schotto
388 2082 533 2151 practerea
545 2069 696 2143 discimus,
720 2072 800 2148 quod
826 2071 952 2131 Plinium
967 2070 1123 2130 illustrnvit
1137 2069 1222 2128 etiam
1246 2067 1348 2128 saeouli

251 2169 297 2230 srri
310 2169 384 2228 alter
397 2169 498 2240 Varro,
514 2166 618 2226 Petrus
632 2165 809 2226 ciacconius
829 2166 1003 2237 Toletanus,
1019 2165 1104 2242 cujus
1117 2164 1227 2242 vigilias
1241 2163 1347 2222 Plinia-

250 2283 304 2324 nas
317 2262 428 2336 adhuc,
444 2261 549 2340 inquit,
564 2261 649 2322 nobis
664 2260 796 2320 lraeredes
811 2260 943 2322 inrident
956 2270 986 2320 et
999 2263 1136 2320 tlresauro
1150 2259 1348 2320 incumbendo

250 2366 399 2439 premunt.
440 2358 519 2417 Petri
533 2355 621 2416 Pierii
635 2357 775 2426 Surenam,
800 2355 952 2426 Schotnni,
974 2365 1061 2415 notas
1084 2365 1115 2416 et
1128 2351 1348 2414 emendationes

250 2458 281 2516 in
296 2452 457 2514 Historiam
477 2451 651 2511 Naturalem
675 2450 759 2509 Plinii
783 2459 926 2510 memorat
940 2449 1089 2512 Suffridua
1102 2449 1181 2510 Petri
1195 2449 1234 2508 de
1253 2449 1347 2526 scrip-

250 2549 363 2609 toribus
377 2546 473 2608 Prisiar
485 2544 592 2605 decad.
607 2560 682 2604 xvi.
696 2551 726 2606 2.
749 2562 900 2623 nunqnam
911 2545 1018 2617 editas,
1033 2555 1066 2604 ut
1080 2545 1229 2618 existimo,
1244 2563 1348 2622 quem·

250 2641 410 2706 admodum
436 2653 466 2701 et
486 2639 611 2700 liuberti
633 2640 816 2700 Constantini
839 2641 984 2702 Antonius
1003 2639 1176 2700 Teissierius
1192 2640 1221 2700 in
1245 2639 1349 2716 elogiis

211 2761 213 2766 ’
251 2738 399 2800 Tlruaneis
414 2735 533 2796 Gallice
555 2734 644 2794 uersis
666 2735 876 2813 illustratisqne
899 2736 988 2794 Tour.
1005 2751 1052 2795 ιι.
1074 2755 1144 2816 pag.
1166 2745 1236 2797 508.
1268 2735 1347 2794 Dan.

251 2833 332 2896 Guil.
347 2832 489 2892 Mollerns
504 2831 533 2888 in
548 2830 616 2890 diss.
632 2828 765 2890 circulari
779 2829 818 2888 de
833 2829 928 2889 Plinio
942 2831 1087 2900 Secundo,
1112 2827 1242 2891 nttoors.
1260 2825 1348 2890 1688.

253 2941 283 2991 4.
305 2938 390 2989 notat
424 2926 580 2986 Nicolaum
605 2924 763 3004 Rigaltium
789 2945 907 3004 quoque
940 2934 971 2986 et
993 2925 1154 2986 Octavium
1189 2923 1349 2986 Ferrarium

252 3024 340 3085 Plinii
368 3021 506 3080 Historiae
534 3019 673 3080 Naturali
700 3020 887 3080 recensendre
910 3021 1040 3081 animum
1065 3020 1251 3101 applicuisse,
1277 3019 1349 3080 licet

252 3117 372 3180 consilia
386 3135 486 3176 corum
510 3133 588 3174 mors
606 3115 767 3194 praevertit.
811 3113 879 3193 lpse
904 3115 1051 3174 Ferrarius
1073 3136 1146 3196 pag.
1159 3124 1230 3188 309.
1252 3115 1348 3194 Epist.

252 3221 262 3248 ‘
276 3215 323 3274 De
336 3213 430 3272 Plinio
442 3211 491 3269 vix
510 3209 568 3269 ulla
582 3227 650 3287 apes
666 3218 807 3287 superest,
824 3227 891 3268 cunr
906 3211 1080 3270 immensum
1094 3211 1217 3289 pelagus
1231 3220 1260 3273 et
1274 3231 1351 3270 sum·

252 3327 300 3370 mu
324 3309 386 3368 dies
409 3305 514 3366 inflans
528 3305 592 3364 vela
610 3303 746 3382 colligere
772 3313 803 3364 et
823 3315 901 3364 retro
927 3325 1044 3365 cursum
1067 3316 1180 3367 vertere
1205 3307 1348 3386 impellat.

253 3406 357 3482 ltaque
370 3401 454 3463 labor
477 3399 570 3459 omnia
590 3418 648 3458 non
663 3399 725 3458 sine
740 3398 839 3460 fructu
852 3419 907 3477 per
921 3407 967 3460 tot
979 3419 1070 3460 annos
1091 3419 1197 3478 magno
1211 3403 1348 3481 scriptori

253 3497 405 3576 impensus
419 3495 528 3555 frustra
543 3503 694 3572 susceptus
709 3493 806 3552 luerit.
849 3495 899 3554 Sic
913 3496 961 3553 Dii
976 3497 1112 3558 voluere!
1137 3541 1139 3550 .
1152 3497 1265 3558 Eodem
1281 3499 1348 3562 loco

251 3599 385 3662 testatur,
412 3607 444 3650 se
470 3598 596 3648 veterem
624 3587 781 3648 editionem
810 3589 951 3648 Venetam
981 3591 1140 3652 contulisse
1165 3612 1231 3652 cum
1260 3614 1347 3656 nranu

255 3693 373 3749 exarato
388 3683 509 3756 Codice,
525 3682 576 3762 qui
597 3682 660 3742 Pici
684 3681 884 3744 Mirandulani
897 3683 994 3745 luerit.
1038 3687 1132 3746 Notas
1154 3687 1273 3749 Ferrarii
1288 3709 1348 3751 non

255 3785 332 3846 ultra
345 3782 450 3842 librum
472 3779 682 3840 duodecimum
704 3779 879 3857 processisse
894 3800 920 3840 a.
939 3781 1026 3851 167⁵.
1048 3791 1170 3844 testatus
1189 3793 1233 3844 est
1247 3786 1349 3846 Chris·

253 3878 399 3957 tophorus
420 3875 580 3936 Arnoldns.
602 3871 677 3934 Vide
691 3873 852 3936 Burclrard.
868 3876 1008 3936 Gotthell
1026 3879 1128 3942 Struv.
1142 3879 1181 3944 T.
1198 3897 1222 3944 ι.
1246 3880 1347 3944 fascic.

256 3981 286 4044 7.
307 3983 400 4036 actor.
414 3971 606 4036 literatiorum
618 3990 655 4032 ea
670 3972 742 4032 mn.
756 3969 937 4034 eruditorum
952 3989 982 4050 p.
996 3979 1045 4040 78.
