3072 4852
486 448 538 496 on
558 447 593 500 o.
614 447 746 502 rasura
771 445 959 502 aaouuno.
1191 430 1278 506 diii

178 613 239 660 eus
248 595 277 661 in
290 601 437 681 preclaro
451 597 698 681 Disquisitisnnm
711 603 908 668 Piiaiaasrum
920 619 1022 684 opere,
1035 611 1069 667 nt
1080 603 1118 669 T.
1127 617 1153 668 ι.
1166 623 1198 687 p.
1208 613 1279 682 m.

180 713 245 774 seq.
277 697 399 759 Librum
425 697 550 777 primum
574 697 612 762 ad
634 695 855 781 Vespasianum.
877 701 918 762 Τ.
933 717 973 762 11.
992 717 1023 762 e.
1036 709 1069 774 9.
1089 721 1122 781 p.
1136 709 1166 765 1.
1198 701 1281 764 Libri

180 805 222 850 ιι.
234 800 265 852 at
277 803 442 854 ceterarum
457 796 587 857 omnium
610 797 767 875 particulas
790 797 900 877 plures,
927 798 983 859 hoc
1007 799 1122 859 nomine
1134 785 1280 880 'protolare

179 885 218 948 da
237 883 331 950 Plinio
345 883 478 964 meritus,
493 893 580 952 etiam
606 895 742 971 exemplo
756 894 830 956 illius
854 894 951 972 operis
966 892 1121 972 diligenter
1134 886 1280 954 tmclaadi

179 985 344 1063 proposito,
370 987 451 1066 qaod
473 989 635 1064 imitentur,
649 991 701 1070 qui
725 989 812 1051 Plinii
826 1009 932 1050 noram
953 997 983 1052 et
997 989 1157 1070 perlectam
1171 989 1279 1050 editio·
1317 1065 1326 1072 ,

182 1095 365 1144 tremamus
379 1083 542 1145 instituant.
1096 1149 1097 1153 ,

219 1178 326 1257 Neque
347 1197 385 1239 ex
410 1179 468 1242 hoc
492 1199 614 1242 numero
632 1179 821 1242 excludemus
835 1179 884 1242 io.
900 1181 1010 1243 Matth.
1031 1183 1208 1253 Gesnerum,
1226 1181 1280 1260 q'ui

180 1271 446 1336 Chrestomathiam
473 1275 633 1338 Plinianam
659 1295 727 1340 cum
752 1279 831 1338 notis
851 1277 947 1338 edidit
969 1279 1052 1340 lente
1078 1296 1108 1338 s.
1135 1283 1224 1346 1728.
1249 1281 1279 1336 8.

178 1367 333 1446 repetitam
356 1379 389 1430 et
411 1371 595 1432 emendatam
615 1368 697 1453 Lips.
711 1389 742 1435 et
755 1373 845 1434 zetis
868 1393 895 1434 a.
915 1381 1002 1443 1758.
1022 1373 1053 1432 in
1067 1391 1129 1451 quo
1141 1369 1219 1432 libro
1232 1374 1280 1430 est

179 1462 218 1520 ad
232 1463 362 1526 Plinium
387 1475 418 1526 et
441 1465 661 1546 intelligendum
677 1469 792 1547 egregia
812 1468 998 1547 preparatio,
1012 1476 1043 1528 et
1054 1467 1094 1527 ad
1108 1473 1205 1528 lotum
1218 1466 1280 1527 lec·

182 1557 261 1619 tione
275 1560 516 1640 cognoscendum
539 1562 683 1624 inritatio.
723 1565 762 1624 Et
779 1564 863 1624 venit
884 1563 911 1622 ei
934 1561 1106 1641 aliquando,
1119 1557 1280 1640 Gmitingre

181 1665 354 1729 sumerset,
378 1655 407 1716 in
431 1669 570 1729 mentem,
587 1665 680 1719 totum
704 1679 781 1738 opus
796 1655 895 1728 edera,
917 1676 985 1718 cum
1010 1657 1037 1718 ei
1060 1653 1150 1716 etiam
1172 1654 1278 1715 Codex

181 1748 300 1810 oblatus
320 1749 426 1811 fuisset
442 1751 594 1831 abaliquo
617 1754 646 1813 in
665 1753 768 1815 ricinis
783 1753 981 1831 Gottingensi
1005 1749 1148 1832 (Epriugii
1161 1743 1282 1830 Biogra‘·

181 1843 252 1924 phia
266 1845 393 1906 Gesneri
405 1845 443 1906 Τ.
457 1862 512 1906 ιιι.
533 1866 566 1926 p.
579 1849 662 1920 852.)
674 1857 705 1908 et
718 1848 806 1928 copia
820 1859 898 1910 esset
911 1846 1036 1929 exempli
1050 1846 1175 1906 Pliniani
1184 1836 1282 1926 operi's

181 1959 200 1999 a
214 1937 294 2000 Petr.
310 1940 434 2001 Francia
448 1960 517 2002 cum
531 1943 607 2003 cod.
632 1962 689 2005 scr.
703 1943 801 2005 colisti
815 1965 823 2013 ;
845 1943 1027 2021 haberetque
1039 1943 1167 2021 collegas
1181 1957 1279 2003 rerum

181 2033 357 2095 naturalium
372 2044 402 2097 ct
423 2034 606 2098 medicatum
619 2039 823 2117 peritissimos,
838 2059 913 2117 quos
928 2039 958 2098 ia
981 2038 1053 2098 locis
1074 2039 1111 2098 ad
1136 2037 1280 2118 Physica·

182 2147 245 2220 rum
261 2140 292 2190 et
306 2131 492 2192 Medicorum
508 2131 693 2212 disciplinam
717 2133 931 2212 pertinentibus
954 2133 984 2192 in
1006 2133 1160 2194 consilium
1173 2149 1279 2194 vocare

181 2233 296 2304 posset,
320 2227 424 2287 meiius
444 2228 551 2288 deinde
573 2246 622 2287 eas
642 2228 788 2300 dicturus,
810 2246 897 2306 quam
923 2227 977 2306 lpsi
1001 2235 1134 2316 ponem.
1174 2227 1232 2286 Sed
1246 2225 1277 2287 id

186 2320 352 2382 institutum
367 2323 477 2382 exilum
493 2342 552 2383 non
566 2323 679 2383 habuit.

219 2415 320 2476 Pinem
344 2417 392 2477 rix
416 2417 618 2497 reperiremus,
645 2418 668 2476 si
692 2435 793 2478 omnes
816 2431 976 2477 memorare
1000 2415 1151 2490 vellemus,
1166 2415 1216 2496 qai
1229 2427 1282 2496 per

179 2509 273 2570 rarius
294 2513 467 2572 occasiones
492 2511 587 2573 Plinio
609 2511 757 2592 proluere.
800 2512 859 2573 Sed
883 2512 1030 2591 principes
1049 2522 1118 2573 suut
1142 2512 1281 2586 liudaeus,

181 2607 242 2667 lul.
263 2607 364 2667 Caesar
383 2609 524 2686 Scaliger,
546 2607 706 2668 Salmasius
729 2608 757 2667 in
782 2607 978 2688 Polyhistore,
999 2616 1029 2669 et
1051 2607 1127 2669 notis
1150 2609 1188 2669 ad
1201 2607 1280 2671 illst.

182 2705 262 2782 Aug.
273 2705 442 2782 scriptores,
456 2704 485 2762 in
510 2703 619 2782 quihus
642 2713 672 2762 et
693 2704 791 2764 locum
811 2705 849 2762 de
864 2717 977 2782 papyro
1000 2703 1044 2764 itu
1064 2703 1233 2783 explicavit,
1246 2713 1280 2766 ut

180 2798 264 2870 nihil,
278 2799 360 2880 quod
377 2799 480 2861 melius
503 2798 563 2861 diei
586 2807 698 2880 posset,
725 2797 993 2878 reliquerit—Nec
1012 2797 1281 2878 puretermlttehdus

182 2891 416 2968 Soheuchzerns,
444 2896 531 2974 cujus
560 2895 702 2975 Dialogus
728 2895 806 2956 inter
834 2893 959 2954 Plinium
987 2903 1018 2953 et
1052 2892 1223 2954 Salmasium
1247 2893 1278 2954 in

181 2989 289 3051 cleriei
303 2989 382 3052 Bibl.
406 2991 466 3053 Sel.
488 2991 524 3052 T.
539 3002 630 3051 xvir.
659 3007 692 3070 p.
710 2998 777 3060 ¹92·
798 2997 829 3050 et
849 2987 879 3049 in
902 2990 968 3066 ejus
984 2985 1061 3048 illst.
1075 2987 1147 3049 Nat.
1162 2989 1281 3051 lieivct.

183 3085 267 3164 plura
281 3095 360 3158 suut,
376 3105 443 3165 quta
472 3086 509 3147 ad
535 3086 660 3147 Plinium
685 3085 844 3165 pertinent,
868 3093 903 3144 ut
923 3081 957 3143 P.
969 3099 1017 3145 vt.
1039 3089 1278 3163 pag.1³0.159.

180 3175 218 3240 de
232 3179 465 3243 androdamante
489 3181 527 3242 ad
552 3189 761 3243 xxxv11.10.
793 3179 908 3258 atejus
930 3179 997 3239 libri
1019 3180 1111 3239 multa
1124 3179 1169 3239 rei
1183 3180 1281 3268 expli·⁴

184 3284 289 3336 cantur
302 3277 351 3337 rel
372 3277 553 3340 illustrantur
574 3276 674 3350 abiis,
696 3278 750 3356 qui
763 3278 802 3336 da
816 3274 943 3355 gemmis‘
959 3277 1117 3353 scripsere:
1138 3275 1231 3334 multa
1248 3276 1278 3335 in

186 3369 412 3432 Commentariis
432 3373 527 3434 itcad.
551 3371 642 3433 Paris.
664 3371 811 3432 literarum
828 3371 984 3443 bonarum,
1001 3367 1136 3430 Partibus
1160 3369 1279 3449 quidem

184 3467 406 3540 recenlioribus,
417 3469 505 3528 ctiam
521 3467 559 3528 ad
575 3476 653 3528 artes
675 3466 861 3546 pertinentis,
876 3465 933 3525 etsi
955 3481 1013 3526 non
1034 3479 1101 3526 raro
1113 3463 1281 3539 infeliciter,

185 3567 307 3643 propter
328 3559 516 3624 Latinitatem
537 3579 596 3623 uon
611 3563 680 3623 satis
694 3562 885 3634 intellectam,
898 3561 1031 3641 inprimis
1052 3561 1091 3622 ab
1104 3561 1190 3625 Com.
1204 3563 1283 3642 Cap·

183 3657 239 3731 lus,
253 3664 306 3719 aut
320 3659 452 3720 vitiosam
468 3659 653 3739 scripturam.
1083 3667 1085 3673 '

225 3755 468 3827 Fueruntetiam‚
483 3753 577 3834 quiin
592 3753 686 3815 Plinio
707 3751 879 3813 laborarunt
898 3751 1029 3824 edendo,
1053 3751 1105 3811 sed
1125 3752 1278 3814 sbseirera

184 3849 332 3911 destinata
358 3865 419 3911 non
444 3861 577 3930 potuere.
627 3851 675 3910 Dr
699 3847 774 3908 miro
797 3846 898 3908 studio
919 3845 1127 3926 christophori
1147 3845 1282 3925 Lougolli

185 3945 407 4020 martinensis,
419 3946 470 4025 qui
484 3945 521 4008 A.
536 3945 572 4007 (l.
592 3951 680 4008 1⁵22.
700 3951 798 4017 natus,
812 3941 927 4004 Patavii
941 3941 1026 4013 obiit,
1041 3957 1109 4001 cum
1124 3941 1172 4002 vix
1185 3956 1279 4004 am

183 4049 234 4104 34.
267 4039 394 4114 rirbset,
421 4060 496 4120 quoa
524 4039 642 4102 iabores
668 4039 838 4118 susceperit,
868 4052 936 4115 qam
962 4037 1068 4110 itinera
1093 4046 1125 4096 et
1147 4037 1280 4117 pericula

185 4136 301 4210 obierit,
317 4148 349 4198 ut
363 4136 523 4198 Plinianam
538 4135 698 4197 Historiam
713 4135 801 4212 digne
814 4133 959 4192 iilustrare
972 4137 1085 4209 posset,
1096 4129 1163 4193 ride
1176 4151 1278 4212 quaeso

188 4228 358 4296 hlelchioris
373 4231 478 4294 Adami
499 4231 573 4295 sitas
593 4229 841 4309 Philosophorum
855 4227 886 4288 in
900 4225 1053 4306 Longolio.
1095 4225 1178 4290 idem
1200 4225 1280 4293 dda-
