3072 4852
529 435 562 481 c.
589 433 708 482 eurum
733 431 909 482 scourtnr.
938 439 944 452 ·
1179 411 1266 480 iffi

173 593 230 632 non
253 575 387 652 legisset,
405 575 486 654 quod
511 577 660 638 Hermolei
684 578 807 638 Berberi
830 578 943 638 dictum
969 575 1058 634 fuisse
1086 577 1214 653 Angelus
1236 578 1266 637 in

170 668 287 745 prsel'et.
302 670 352 730 ed.
367 671 461 734 Poris.
477 672 564 733 1526.
585 671 686 745 trudit,
706 683 737 733 et
751 674 779 732 in
795 671 971 751 quibusdem
990 670 1073 742 loeis,
1093 681 1128 732 ut
1147 672 1263 744 Bririae,

172 763 229 822 lroc
252 765 371 843 proprie
394 767 564 827 mandatum
587 768 644 827 illis
670 769 850 844 temporibus
873 776 939 827 eret
962 765 1059 837 elicui,
1088 775 1122 828 ut
1143 767 1265 844 publice

171 859 255 919 Plinii
267 861 360 920 libros
375 861 625 940 interpretaretur
655 865 743 932 Quod
758 863 970 924 recentioribus
985 863 1168 940 temporibus
1182 881 1268 924 secus

172 955 238 1025 fuit,
263 967 384 1015 etcum
408 958 532 1018 maxime
553 967 609 1032 est,
637 968 670 1017 ut
692 958 908 1037 propemodum
935 977 1038 1018 omnes
1066 957 1268 1036 magnitudine

171 1051 267 1128 operis
281 1071 299 1110 e
313 1052 439 1130 legendo
457 1055 666 1126 deterreantur,
690 1063 876 1132 monstroque
899 1054 992 1114 simile
1006 1063 1125 1132 putent,
1140 1054 1267 1160 siquem

172 1145 298 1205 audiunt
311 1157 406 1209 totum
422 1148 480 1208 hoc
494 1167 569 1227 opus
585 1149 754 1229 perlegisse,
765 1159 818 1208 eut
832 1150 925 1227 legere
939 1150 1025 1209 velle.

210 1242 256 1299 Ex
277 1242 334 1302 bec
356 1243 524 1302 recensione
549 1244 711 1304 editionum
733 1245 820 1306 facile
845 1247 937 1304 lector
959 1252 1088 1304 attentus
1113 1244 1268 1321 intelliget,

173 1356 241 1415 quse
263 1336 418 1408 editiones,
442 1358 545 1417 queve
564 1340 698 1420 exemplu
724 1359 808 1400 usum
822 1339 958 1399 criticum
972 1339 1108 1409 heberent,
1131 1339 1200 1397 item
1216 1355 1270 1414 per

173 1451 247 1509 quos
261 1441 359 1492 textus
384 1433 510 1493 Plinisni
531 1434 627 1512 operis
651 1437 689 1496 ed
714 1435 790 1495 hene
812 1443 983 1511 presentem
1007 1433 1141 1502 formem,
1169 1431 1268 1509 quoad

173 1537 255 1586 recte
274 1536 333 1598 est,
358 1533 440 1604 (nuru
463 1529 525 1590 sine
539 1530 613 1589 vitiis
637 1529 771 1607 pluribus
790 1530 889 1589 adbuc
904 1528 985 1587 nulle
1004 1529 1073 1601 est,)
1095 1526 1269 1605 pervenerit.

172 1621 369 1681 Recensiones
381 1623 579 1701 igitur'justre,
602 1633 669 1702 post
682 1627 789 1704 primes
807 1625 872 1684 illes
887 1624 1014 1683 Venetas
1032 1621 1187 1694 editiones,
1203 1630 1270 1681 sunt

174 1715 337 1790 Hermolei,
365 1718 528 1789 Benedicti,
557 1719 688 1791 Caesarii,
716 1711 749 1779 1³ss
778 1719 908 1791 Denesii,
936 1717 1082 1791 Rhenani,
1115 1716 1270 1776 Herduini.

174 1810 226 1869 llis
240 1810 310 1870 eddi
325 1822 457 1889 possunt,
469 1813 497 1872 in
513 1813 620 1892 quibus
634 1824 761 1885 constet,
777 1833 866 1874 uuum
880 1824 911 1873 et
924 1813 1046 1874 alterum
1062 1812 1168 1872 librum
1177 1813 1269 1889 scrip·

174 1913 236 1966 turn
258 1907 430 1984 usurpatum
450 1927 522 1978 esse,
544 1917 578 1967 ut
598 1909 783 1981 Eresmioem,
805 1919 836 1969 et
856 1893 928 1969 elius
947 1911 1099 1988 quasdem.
1142 1909 1217 1967 ltem
1240 1916 1270 1966 et

173 1999 243 2058 illud
259 1999 372 2059 clerum
388 2011 443 2072 est,
465 2003 595 2061 nondum
612 2005 719 2063 hebere
734 2025 788 2063 nos
811 1991 990 2082 exemplum,
1018 2003 1097 2082 quod
1113 1995 1198 2080 plene
1213 2002 1269 2062 ori·

174 2089 242 2155 tic're
263 2097 335 2155 ertis
357 2099 565 2174 perfectionem
589 2099 731 2176 attinget:
754 2109 857 2178 estque
879 2101 998 2159 omnino
1019 2099 1138 2157 difficile
1156 2097 1268 2174 reliquid

173 2191 296 2268 perfecti
308 2202 449 2270 prestere
462 2194 491 2252 in
503 2203 587 2253 tento
597 2204 715 2271 temque
725 2195 811 2252 rerioe
823 2195 966 2254 doctrinm
980 2212 1079 2271 opere,
1089 2190 1170 2268 quod
1183 2191 1270 2250 etiem

174 2286 212 2343 rb
226 2287 356 2346 auctoris
371 2287 486 2364 ingenio
499 2289 629 2366 proprias
648 2287 837 2349 difficultates
858 2290 972 2348 hebent.
1013 2287 1127 2348 Interea
1140 2286 1270 2363 legemus

175 2398 220 2450 ce,
243 2382 477 2458 qnmlrnbemus,
502 2393 533 2443 et
546 2385 614 2444 rude
628 2382 755 2454 discere
774 2401 841 2462 quae
863 2402 1027 2461 possumus,
1050 2399 1193 2442 curemus.
1235 2381 1271 2440 ln

176 2474 278 2550 primis
293 2477 391 2536 multis
414 2497 492 2557 saepc
513 2479 610 2540 obluit
628 2488 659 2541 et
677 2477 767 2540 codd.
789 2479 964 2604 scriptorum
979 2489 1011 2539 et
1023 2476 1092 2539 edd.
1103 2494 1207 2556 perum
1223 2475 1269 2536 di·

174 2569 265 2647 ligeris
280 2591 359 2634 usus.

218 3416 429 3482 Eorrrouns
445 3413 622 3478 Naturalis
635 3411 797 3476 Historiae
809 3409 972 3476 Plinianae
987 3417 1056 3477 tem
1071 3414 1174 3478 totius
1187 3431 1269 3498 ope·

173 3521 233 3598 ris,
254 3537 354 3602 quem
379 3515 581 3599 singularum
605 3513 857 3598 partiumque
877 3533 899 3577 e
923 3513 1117 3596 Bipoutinis'
1132 3523 1271 3598 prseter-

172 3623 290 3686 missae
306 3625 395 3684 sunt.
441 3649 444 3656 ·
1231 3645 1240 3672 ι

216 3719 330 3786 Editio
346 3721 416 3783 dto.
431 3715 683 3795 Veneta,1491.
728 3715 800 3778 Sub
814 3715 928 3792 finem,
947 3717 1170 3781 correctiones
1184 3734 1271 3798 prm·

173 3823 358 3900 cedentem,
386 3821 441 3885 hic
467 3819 631 3901 colophon
656 3809 796 3899 legitur:
828 3819 840 3852 ‘
851 3813 927 3880 cati
956 3814 1062 3880 Plinii
1092 3815 1269 3880 Naturalis

172 3923 337 3988 Historiae
353 3921 455 3986 Liber
469 3921 656 4003 trigesimus
683 3919 847 4001 septimus
866 3921 900 3980 et
920 3917 1059 3980 ultimus
1085 3915 1174 3989 finit:
1198 3915 1271 3980 Ve-

172 4023 459 4107 net.‘1mpressns
487 4039 588 4106 opera
613 4027 647 4085 et
670 4009 831 4102 impensis
853 4015 993 4080 'l'lromee
1018 4017 1060 4080 de
1084 4013 1269 4081 Bleuis'de

172 4123 390 4202 Alexandria,
417 4141 504 4186 anno
527 4121 726 4188 Natiuitatis
742 4119 880 4186 Domini
899 4115 1197 4181 uccccuxxxxr'.
1213 4116 1269 4181 die

173 4221 274 4292 tertio¹
294 4226 418 4291 mensis
436 4223 653 4303 Novembris,
677 4209 837 4307 regnante
859 4219 1049 4302 Augustino
1067 4217 1270 4299 Burbndico,
