3072 4852
252 367 337 431 5840
596 385 751 433 nourrii
779 388 989 437 ιιιιιιιιιιιι

253 536 368 594 nomine
390 535 523 612 Diguillii
547 539 748 610 Grammatici,
773 541 878 600 vidisse
909 563 938 600 se
964 549 1087 598 testatur
1109 541 1270 602 Salmasius
1301 543 1337 601 ad

251 630 343 688 Solio.
1020 643 1023 650 '

292 726 428 784 Absolvit
441 727 552 786 Plinius
567 746 643 803 opus
669 747 752 786 suurn
775 730 862 804 paulo
886 741 955 789 aute
978 729 1105 799 obitum,
1129 731 1209 788 circa
1231 751 1339 792 annum

252 819 290 879 U.
305 821 341 880 C.
357 831 427 882 830.
449 832 554 881 utnon
571 843 628 881 utto
643 824 738 883 innuit
758 825 843 883 loco:
865 834 895 882 ct
920 825 1052 901 quintum
1075 826 1266 884 Consulatum
1281 829 1340 890 Titi

249 927 389 976 memorat
402 917 453 975 lib.
469 934 509 976 ιι.
531 938 598 996 cap.
614 926 663 979 25.
685 900 771 994 quern
787 919 832 977 ille
853 920 940 997 gessit
954 939 1030 977 anno
1045 920 1082 977 U.
1096 921 1134 978 C.
1147 926 1218 984 828·
1240 922 1275 981 C.
1289 921 1340 990 76.

248 1012 419 1071 Incendium
433 1014 563 1086 Vesuvii,
579 1015 658 1092 quod
682 1015 848 1090 speculatus
862 1014 972 1073 Plinius
998 1014 1150 1088 occubuit,
1167 1015 1340 1078 describitur

247 1127 267 1165 a
282 1107 375 1165 Dione
389 1109 464 1167 libro
486 1125 580 1168 axvr.
602 1129 632 1185 p.
648 1116 717 1178 755.
740 1129 802 1187 aeq.
817 1110 854 1168 ad
872 1114 907 1168 Α.
923 1111 962 1169 U.
975 1111 1094 1170 C..831.
1115 1111 1177 1169 Titi
1200 1114 1346 1189 primum:

247 1201 358 1261 Plinius
372 1205 401 1261 in
416 1205 504 1283 prael.
525 1204 652 1280 ‘Viginti
667 1204 756 1263 millia
770 1223 862 1264 rerum
879 1205 1030 1281 dignarum
1045 1223 1127 1276 eura,
1138 1210 1290 1283 quoniam,
1306 1219 1345 1268 ut*

247 1298 287 1355 ait
301 1299 447 1359 Domitius
464 1301 541 1370 Piso,
564 1300 750 1359 ‘Thesauros
759 1309 873 1377 oportet
889 1319 1026 1359 essenon
1042 1301 1194 1370 libros,'ex
1209 1304 1343 1362 lectione·

247 1394 423 1455 voluminum
439 1397 556 1455 circiter
575 1396 666 1454 duum
692 1394 824 1466 millium,
848 1414 972 1472 quorum
988 1415 1086 1474 pauca
1099 1397 1258 1456 admodum
1272 1409 1335 1458 stn-

246 1489 321 1549 diosi
343 1492 491 1567 attingunt
516 1501 637 1568 propter
660 1501 803 1548 secretum
828 1489 971 1562 materiae,
993 1492 1144 1569 ¹exquisitis
1168 1494 1337 1553 auctoribus

247 1588 294 1641 n.¹
317 1586 494 1644 includimus
507 1585 624 1663 triginta
648 1605 695 1644 ses
723 1585 928 1655 voluminibus,
942 1585 1066 1660 adjectis
1087 1587 1174 1646 rebus
1194 1589 1336 1666 plurimis,

245 1697 319 1755 quas
334 1692 385 1739 aut
398 1683 599 1760 ignoraverant
614 1681 737 1758 priores,
748 1691 800 1739 aut
816 1691 918 1758 postea
932 1681 1080 1740 invenerat
1091 1681 1170 1740 rita.'
1191 1683 1335 1744 Velamen

243 1775 406 1834 secundum
429 1777 505 1836 citat
525 1777 634 1836 Plinius
660 1792 707 1835 vr.
731 1785 781 1846 29.
809 1776 967 1854 septimum
991 1777 1340 1840 xx1111.3.Nonnuns

242 1873 432 1948 quametiam
447 1872 512 1931 libri
535 1891 593 1931 uon
616 1890 778 1940 numerum,
793 1871 843 1931 sed
857 1880 1066 1947 argumentum,
1082 1882 1115 1931 ut
1138 1888 1189 1931 tx.
1203 1883 1252 1933 35.
1275 1882 1284 1908 ‘
1300 1887 1333 1934 nt

242 1964 368 2023 diximus
382 1967 410 2024 in
432 1968 556 2028 circuitu
571 1967 697 2041 Mundi,’
723 1967 881 2044 respiciens
905 1966 943 2026 ad
969 1967 1102 2026 volumen
1127 1969 1287 2030 secundum
1301 1980 1334 2030 et

242 2060 548 2138 seq.arxxxn1.1.
570 2065 668 2122 ‘sicut
690 2063 821 2122 dicemus
845 2063 874 2121 in
898 2080 1074 2140 gemmarum
1091 2063 1266 2125 voluminea'
1286 2085 1330 2125 re·

242 2155 333 2234 spicit
344 2158 420 2216 enim
434 2160 470 2216 ad
486 2157 750 2242 librumtxxxvtr.

280 2250 391 2312 Praeter
409 2255 592 2324 naturalium,
612 2273 700 2330 quam
723 2252 816 2311 titulo
840 2253 903 2329 ipso
929 2252 1073 2328 promittit
1095 2261 1183 2330 atque
1207 2254 1331 2314 ubertim

241 2346 355 2423 pandit,
370 2368 465 2407 return
481 2349 625 2419 notitiam,
640 2347 817 2408 discordiam
830 2348 1086 2426 concordiamque,
1109 2367 1180 2406 usus
1199 2361 1229 2406 er
1242 2349 1331 2409 effec-

242 2451 307 2503 tus:
330 2455 436 2523 praeter
451 2446 599 2503 historiam
623 2445 803 2502 inventorum
828 2445 945 2502 humani
968 2443 1084 2520 ingenii,
1109 2443 1217 2502 laboris
1231 2443 1330 2504 luxus·

240 2557 310 2617 que,
326 2555 355 2600 et
368 2543 510 2600 variarum
523 2542 639 2610 artium,
654 2540 763 2618 passim
780 2540 964 2616 gravissimas
977 2541 1107 2616 aspergit
1120 2541 1285 2608 mntentias,
1299 2550 1330 2600 et

230 2628 380 2705 judicium
393 2636 430 2696 de
450 2638 576 2696 vanitate
601 2653 693 2694 rerum
718 2637 917 2707 humanarum,
944 2636 1169 2711 mortaliumque
1195 2635 1327 2720 stultitia,

237 2734 389 2810 speciatim
404 2732 577 2811 deperditis
593 2732 788 2790 Romanorum
804 2750 857 2808 per
870 2749 941 2807 opes
956 2729 1097 2802 moribus,
1112 2749 1165 2789 nec
1180 2731 1274 2790 minus
1286 2731 1331 2794 da

238 2828 313 2886 mira
337 2827 478 2905 sapientia
501 2847 537 2886 ac
561 2828 684 2906 provida
713 2837 783 2895 arte,
810 2825 958 2900 fidemque
980 2843 1093 2882 omnem
1120 2837 1276 2904 superante
1289 2828 1330 2901 .vi¹

239 2931 359 2992 naturae,
382 2943 433 3001 per
456 2942 544 3000 quant
567 2924 685 2982 Numen
711 2921 833 2997 intelligi
855 2921 955 2979 voluit.
998 2921 1102 2998 ltaque
1122 2921 1194 2980 licet
1206 2922 1326 2997 Epicuri

237 3017 389 3076 immersus
404 3019 561 3088 erroribus,
585 3031 681 3076 tamen
706 3018 746 3075 ab
763 3016 905 3075 Atheismi
920 3017 1074 3093 ἐγκλήματι
1096 3017 1264 3087 absolvitur,
1274 3003 1326 3092 ju·

236 3111 302 3169 dice
320 3113 421 3170 Ulrico
453 3112 590 3187 Zwiuglio
618 3112 670 3170 lib.
696 3111 734 3170 de
760 3111 947 3170 Providentia
968 3111 1007 3170 Τ.
1036 3127 1059 3170 t.
1088 3113 1170 3190 Opp.
1192 3111 1263 3172 556.
1298 3115 1330 3176 Α

237 3207 368 3284 Georgio
381 3207 518 3285 Agricola
533 3207 651 3282 praelat.
663 3208 699 3266 ad
716 3209 805 3267 libros
816 3224 851 3265 x.
865 3207 903 3265 de
914 3216 1016 3265 natura
1027 3206 1168 3266 fossiliurn
1183 3208 1324 3284 arguitur,

235 3303 341 3378 ‘quod
367 3303 510 3360 interdum
536 3303 612 3360 ltaud
639 3303 812 3373 observarit,
839 3322 857 3360 a
884 3302 1002 3382 diversis
1025 3301 1323 3379 scriptoribusunam

236 3415 294 3456 ιοιιι
309 3397 425 3457 duobus
440 3399 484 3456 vel
500 3399 631 3476 pluribus
654 3399 808 3458 vocabulis
826 3397 980 3477 appellari,
1002 3397 1147 3457 interdum
1161 3408 1264 3456 eontra
1278 3417 1325 3458 res

235 3494 307 3552 duas
324 3493 368 3551 rel
384 3494 479 3568 plures
506 3513 563 3551 unn
589 3495 749 3554 vocabulo)
789 3494 904 3552 Talium
927 3492 1183 3552 hallucinationura
1206 3493 1321 3569 plenum

236 3606 300 3645 esse
312 3587 354 3644 ait
367 3587 526 3646 Salmasius
550 3607 617 3665 pag.
635 3599 704 3650 258.
727 3591 776 3665 qui
791 3588 898 3666 passim
912 3588 998 3646 etiam
1014 3587 1076 3648 illas
1091 3589 1202 3646 notavit
1215 3590 1324 3647 exerci-

237 3684 399 3742 tationibus
414 3683 442 3740 in
466 3683 614 3744 Solinum:
638 3685 702 3744 ride
717 3703 784 3762 pag.
801 3693 870 3754 298.
885 3691 955 3744 302.
977 3691 1048 3743 303.
1069 3683 1213 3761 Joseplrna
1229 3684 1323 3744 Scali-

237 3797 288 3857 ger
302 3780 329 3836 in
351 3779 551 3855 Scaligcrianis
577 3781 677 3857 primis
699 3798 768 3857 pag.
785 3789 832 3839 85.
855 3783 1042 3838 ‘decoratus
1067 3779 1149 3838 Plinii
1162 3780 1255 3839 lector
1268 3781 1321 3838 de·

236 3875 407 3953 prehendet,
433 3876 527 3954 ipsum
555 3876 677 3934 Plinium
695 3876 801 3944 omnia,
820 3893 887 3951 quae
912 3894 949 3932 ex
975 3875 1059 3932 variis
1085 3876 1251 3934 auctoribus
1271 3897 1320 3938 ex·

232 3971 385 4048 cerpebat,
412 3971 512 4028 ordine
541 3971 687 4029 literarum
714 3971 775 4028 sire
810 3970 997 4045 slplralretico
1024 3971 1052 4027 in
1082 3989 1134 4028 sua
1164 3969 1321 4047 digessisse

231 4064 406 4135 adversaria,
433 4068 566 4144 neglecto
588 4065 691 4126 ordine
707 4065 838 4134 staturali,
865 4065 914 4141 qui
929 4064 1026 4141 potior
1045 4064 1128 4124 erat.'
1167 4065 1320 4126 Conferet

622 4193 629 4222 ¹
648 4191 686 4238 lta
697 4191 830 4254 legendum,
841 4206 888 4240 non
902 4193 932 4240 G.
