3006 4844
236 313 322 382 6838
582 329 736 382 uortrrs
764 329 973 381 struantur

237 489 349 546 Omnes
363 484 432 545 vicit
447 485 532 562 louge
544 493 574 544 et
588 485 687 544 obruit
701 504 793 564 nuper
808 485 857 546 Vir
882 485 927 544 lll.
943 487 1013 544 Ant.
1031 483 1176 562 Juseplrus
1190 485 1294 546 Comes
1308 503 1327 544 a

236 581 331 641 Turre
346 581 512 650 Reaaonici,
533 579 562 639 iu
586 600 674 656 opere
695 579 891 640 eruditissimo
915 579 1157 656 Disquisitiouum
1182 581 1326 639 Pliniana·

236 695 308 748 rum,
330 678 350 736 i.
363 697 390 738 e.
405 677 443 738 de
459 677 618 752 Utriusque
633 675 718 734 Plinii
733 674 838 752 patria,
854 674 942 734 rebus
955 676 1052 750 gestis,
1075 675 1201 750 seriptis,
1215 676 1326 734 codici-

235 771 302 845 bus,
317 771 508 844 editionibus,
520 781 609 850 atque
622 769 841 848 interpretibus,
856 769 940 844 errius
961 769 998 830 Τ.
1014 783 1039 842 ι.
1061 771 1174 830 Parurae
1189 789 1216 828 a.
1238 770 1325 839 1763.

235 867 270 926 Τ.
288 883 326 927 ιι.
346 867 432 936 1767.
461 870 490 928 in
512 867 533 930 ι’.
558 866 678 945 prodiit,
700 865 844 944 promisso
864 865 951 924 etiarn
966 865 1002 925 T.
1021 881 1076 924 ιιι.
1105 885 1193 944 quem
1215 865 1324 942 cupide

234 973 435 1040 expectamus.
475 964 637 1042 Utramque
650 961 735 1021 Plinii
746 961 815 1020 Juu.
831 959 978 1038 epistolum
994 958 1032 1019 de
1054 979 1090 1018 eo
1113 959 1266 1022 coustituit
1291 971 1323 1020 et

234 1057 358 1118 illustrat
370 1057 410 1118 Τ.
426 1075 449 1122 ι.
471 1077 502 1136 p.
519 1067 591 1118 110.
605 1077 675 1138 sqq.

556 1232 705 1292 Historiae
719 1227 880 1292 Naturalia
893 1227 995 1289 Libri.
1056 1312 1059 1320 Ι

275 1358 319 1417 Ea
334 1359 450 1438 scriptis
465 1359 551 1419 Plinii
565 1361 656 1420 solum
670 1359 707 1418 ad
723 1377 774 1418 uos
788 1359 919 1434 persenit
931 1377 1016 1436 opus,
1031 1358 1112 1435 quod
1131 1357 1239 1416 Plinius
1252 1357 1323 1416 Jun.

234 1453 254 1512 l.
268 1472 296 1512 c.
319 1454 483 1518 ‘Historias
498 1455 626 1515 naturae'
641 1463 738 1522 vocat,
752 1455 815 1530 ipse
828 1463 932 1515 auctor
952 1460 961 1486 ¹
975 1452 1131 1515 Historiam
1143 1451 1326 1524 naturalem,'

234 1549 264 1606 in
281 1549 471 1626 praefatione:
495 1550 571 1610 male
586 1549 652 1608 libri
672 1547 791 1626 quidam
805 1547 877 1612 editi
892 1559 923 1610 et
936 1567 995 1611 scr.
1016 1545 1325 1612 ‘Historiummundi'

234 1644 292 1716 (lll.
309 1643 490 1705 Reaaonicus
513 1645 550 1704 Τ.
567 1662 590 1704 ι.
612 1665 643 1724 p.
665 1645 744 1715 194.)
773 1644 843 1703 item
865 1645 1052 1704 ‘Historiam
1081 1644 1181 1704 mundi
1205 1658 1324 1702 natura-

234 1739 290 1798 lem
303 1739 323 1809 ς’
336 1759 422 1816 opus,
436 1750 468 1799 ut
482 1750 561 1799 recte
575 1740 617 1799 ait
627 1738 702 1798 idem
717 1738 828 1798 Plinius
841 1739 954 1810 Juuior,
977 1747 985 1773 ¹
1001 1739 1150 1810 diffusum,
1165 1737 1322 1807 eruditum,

234 1853 289 1893 trec
312 1835 406 1894 minua
428 1836 548 1904 varium,
574 1853 661 1913 quarn
686 1834 749 1912 ipsa
773 1833 898 1893 natura!
939 1835 1060 1894 Constat
1082 1835 1160 1894 libris
1182 1847 1323 1894 xxxvtt.

233 1947 329 2007 eoque
342 1949 380 1990 err
394 1929 593 1989 voluminibus
611 1929 687 1988 ultra
711 1928 756 1988 bia
771 1928 850 1988 mille
865 1927 1041 2007 scriptorum
1056 1931 1232 1990 Graecorum
1247 1927 1325 1989 Lati-

232 2042 397 2102 uorumque
422 2014 583 2082 uuiversum
611 2030 724 2082 naturae
747 2011 913 2082 varietatem
940 2025 1099 2100 complecti
1121 2035 1246 2084 conatus
1267 2023 1323 2084 eal.

233 2119 329 2179 Series
343 2119 441 2197 operis
456 2127 486 2178 et
509 2135 604 2176 rerum
628 2115 843 2195 explicaturum
859 2117 922 2177 baec
938 2128 1006 2179 est:
1027 2117 1098 2179 Post
1111 2118 1323 2198 praelationem,

233 2213 318 2290 cujus
341 2214 439 2272 locutu
467 2222 547 2272 tenet
575 2211 662 2272 Liber
686 2211 798 2289 primus
819 2210 855 2271 ad
881 2213 917 2272 T.
940 2214 1152 2292 Vespasianum
1181 2211 1222 2272 fit.
1246 2214 1322 2292 Imp.

233 2309 322 2368 Libro
339 2324 377 2369 ιι.
399 2309 458 2388 agit
473 2309 511 2368 de
524 2308 677 2377 Universo,
700 2305 777 2366 curlo
797 2315 827 2366 et
849 2318 936 2381 terra,
963 2310 1038 2369 unde
1060 2327 1125 2368 eum
1140 2309 1245 2368 librum
1260 2309 1324 2368 Me·

232 2403 395 2464 laucbtbou
409 2414 439 2464 et
453 2404 500 2462 alii
517 2403 672 2483 separatim
686 2402 815 2474 edidere,
830 2411 861 2463 ut
886 2403 1062 2463 lectionibus
1078 2405 1261 2463 scholasticis
1279 2403 1324 2462 in-

233 2499 375 2558 serviret:
399 2499 467 2558 inde
482 2499 519 2558 de
535 2509 610 2558 terra
626 2499 744 2577 proprie
762 2507 792 2556 et
815 2499 1028 2579 Geogruphicis
1043 2499 1131 2559 rebus
1156 2499 1190 2559 L.
1206 2513 1260 2558 ιιι.
1276 2515 1323 2558 rv.

232 2607 265 2650 v.
278 2607 327 2652 vt.
363 2594 441 2653 ilinc
455 2594 492 2653 ad
507 2595 618 2653 incolas
639 2602 724 2653 terrae
738 2594 827 2666 venit,
843 2605 873 2654 et
887 2596 1013 2673 primum
1030 2595 1117 2654 Libro
1132 2607 1195 2654 vtt.
1216 2595 1254 2654 (le
1270 2595 1322 2653 bo·

231 2687 310 2748 mine
329 2700 358 2749 et
374 2690 461 2749 rebus
482 2691 614 2750 lruruauia
634 2690 755 2768 copiose
769 2690 973 2768 eleganterque
986 2691 1120 2752 disserit:
1142 2691 1193 2768 qui
1207 2689 1280 2750 llber
1291 2692 1322 2749 iu

232 2786 332 2861 primis
362 2785 468 2864 dignus
489 2795 536 2846 est
558 2787 658 2847 lectu:
692 2795 753 2846 turn
778 2785 817 2845 (le
838 2786 943 2846 ceteris
967 2786 1142 2847 animalibus
1165 2785 1324 2864 eorumque

231 2881 319 2942 variis
334 2881 499 2957 generibus,
522 2892 554 2941 ut
568 2881 604 2940 de
618 2881 817 2952 terrestribus,
831 2881 860 2940 id
877 2893 931 2952 eat,
946 2901 1013 2960 quaa
1035 2882 1066 2941 in
1084 2895 1159 2941 terra
1173 2881 1322 2942 incedant.

231 2975 266 3038 L.
282 2991 356 3035 vtrt.
378 2977 416 3034 de
429 2977 618 3054 aquatilibus,
634 2979 667 3037 L.
684 2995 734 3038 ιιι.
755 2977 794 3036 da
807 2977 985 3048 volatilibus,
1001 2977 1034 3038 L.
1055 2991 1089 3036 tt.
1113 2977 1150 3036 de
1164 2978 1323 3036 insectis-

231 3085 284 3130 ιιι.
304 3067 354 3128 Ab
369 3086 436 3129 xtt.
452 3070 528 3129 libro
543 3071 647 3148 incipit
668 3085 815 3150 exponere
840 3091 907 3149 quar
931 3084 1005 3130 terra
1028 3071 1165 3143 eduntur,
1190 3072 1321 3142 arbores,
1349 3097 1353 3102 ·

231 3167 356 3242 plautas,
371 3167 512 3242 gramina,
527 3178 652 3242 segetes,
666 3187 724 3226 reru
739 3167 876 3226 rusticam
893 3186 1020 3238 omnem,
1035 3175 1066 3225 et
1078 3176 1194 3236 cetera,¹
1206 3185 1322 3226 eorum·

130 3300 133 3316 .
231 3279 288 3339 que
302 3281 373 3321 usus
389 3263 416 3320 in
432 3261 492 3322 vita
515 3261 640 3322 bumana
664 3281 718 3341 per·
742 3272 820 3322 artes
836 3262 874 3321 ab
899 3262 1067 3321 homiuibus
1089 3262 1231 3326 intentas.
1274 3261 1322 3320 Ad

164 3403 167 3410 .
230 3365 391 3416 extremum
406 3358 435 3414 in
449 3359 542 3435 ipsam
558 3369 661 3416 terram
674 3356 828 3417 descendit
842 3357 874 3416 L.
889 3373 991 3418 xxxr.
1006 3359 1126 3435 agitque
1139 3357 1176 3416 de
1190 3358 1320 3428 metallis,

230 3449 314 3508 initio
328 3453 366 3508 ab
390 3471 461 3511 auro
482 3452 573 3524 lacto,
596 3471 758 3530 eorumque
771 3454 922 3526 varietate,
946 3455 1059 3524 usibus,
1080 3457 1139 3512 &m
1159 3454 1322 3530 ceterisque

231 3542 328 3616 rebus,
343 3565 436 3624 quase
450 3557 525 3606 terra
539 3560 697 3618 eruuntur3
718 3558 749 3608 et
762 3548 870 3608 desinit
885 3550 1001 3610 laudern
1018 3551 1052 3611 L.
1068 3549 1170 3608 ultimo
1180 3563 1321 3608 xxxvrt.

230 3643 259 3699 in
270 3641 383 3701 artibus
402 3642 540 3720 pulchris,
557 3643 663 3720 quibus
678 3645 802 3702 materia
815 3646 1089 3706 sumministrature
1104 3655 1188 3704 terras
1203 3644 1322 3704 visceri·

231 3738 298 3810 bus,
314 3748 344 3797 ut
359 3738 508 3808 statuaris,
523 3739 648 3816 pictura,
672 3739 882 3818 similibusque.
923 3741 1042 3800 Librum
1058 3741 1194 3816 primum,
1209 3759 1321 3819 suppo-

231 3835 318 3895 situm
346 3831 449 3903 Plinio,
477 3833 569 3892 stab
604 3833 858 3912 interpolatoribus
885 3845 1027 3896 attextum
1056 3835 1218 3906 contendit,
1249 3832 1321 3920 bene

230 3931 350 3990 meritus
362 3929 471 4008 alioqui
485 3929 522 3986 sle
540 3928 632 3988 Plinio
653 3933 782 3990 loannes
797 3931 978 3991 -llartluious
992 3931 1171 4008 Chrouolog.
1189 3933 1222 3990 V.
1237 3929 1276 3990 Τ.
1289 3951 1321 4009 p.

234 4033 301 4088 1⁵2.
322 4045 408 4104 quern
431 4026 490 4084 late
512 4025 618 4086 refellit
637 4025 682 4084 lll.
698 4026 891 4098 Rezaouicus,
910 4027 959 4086 sed
984 4036 1015 4086 ut
1038 4035 1136 4085 tamen
1158 4027 1195 4085 de
1219 4025 1321 4084 lodice

229 4131 380 4180 auctorum
396 4121 544 4182 concedat
556 4142 592 4184 uc
616 4121 757 4184 defendat
770 4140 801 4199 p.
818 4132 888 4184 200.
909 4122 1018 4184 Plinius
1032 4121 1097 4198 ipae
1115 4131 1236 4186 testetur
1248 4140 1323 4198 opus
