3072 4852
296 851 299 856 ’
369 855 683 994 ¹,recensens
738 872 996 957 conicum
1021 894 1024 907 ·
1047 878 1170 982 uss
1237 857 1255 916 5·
1319 881 1322 890 ’

540 1141 580 1206 G.
611 1141 769 1208 PLlNlI
805 1141 1032 1222 SECUNDI,
1134 1209 1138 1218 ,

316 1384 381 1437 our
400 1385 440 1438 rs
459 1379 717 1443 urnuror'rrscrs
737 1387 973 1455 numnssrcrs
992 1385 1259 1440 sssnnvrnron.
1329 1391 1337 1424 ³

636 1638 940 1682 nnn—’‘-u-‘n'i

284 1879 326 1943 In
339 1877 446 1942 Museo
456 1875 585 1940 Britan.
608 1877 699 1942 Inter
712 1877 855 1944 Codices
869 1879 964 1943 Harl.
976 1879 1019 1942 N.
1029 1879 1126 1944 2676.
1149 1876 1333 1944 OaiiPlinii

238 1981 387 2048 Secundi
409 1979 579 2044 Naturalis
608 1979 699 2043 Hist.
718 1981 813 2045 Libri
831 1995 993 2044 xxxvu.
1037 1979 1121 2044 Cod.
1146 1979 1333 2043 Membrau.

239 2081 529 2166 Elegantissimus,
562 2081 698 2164 pulchre
723 2085 878 2166 scriptus,
904 2089 938 2145 et
962 2082 1092 2164 egregie
1118 2081 1333 2146 illuminatus.

240 2186 317 2250 Fol.
348 2183 477 2247 Formae
503 2181 651 2266 majoris.
706 2181 871 2247 Prooemii
896 2182 952 2245 fini
978 2182 1219 2264 subjunguntur
1237 2181 1332 2244 baec:

238 2285 393 2351 ‘Tabula
412 2284 604 2367 anteposita
622 2285 674 2347 bic
691 2285 811 2347 merito
833 2303 895 2366 pro
918 2284 1020 2347 Libro
1036 2283 1142 2366 primo
1165 2288 1257 2346 esset
1272 2299 1334 2364 po·

237 2385 366 2452 nenda!
409 2386 496 2451 Sacc.
514 2401 577 2448 xv.

283 2487 440 2553 Neon.
480 2487 550 2551 Hic
575 2486 684 2550 codex
716 2493 770 2549 est
796 2488 897 2550 etiam
930 2485 1022 2548 mirae
1053 2485 1163 2561 molis,
1193 2481 1332 2565 pulcbr'e

239 2589 383 2673 scriptus
400 2597 435 2652 et
455 2573 674 2653 illuminatus.

282 2689 328 2755 N.
343 2688 440 2754 3475.
465 2689 539 2754 Caii
555 2688 656 2753 Plinii
675 2687 768 2752 Hist.
786 2687 866 2753 Nat.
880 2687 1052 2771 Epitoma,
1069 2706 1089 2750 a
1104 2687 1239 2751 Platiua
1254 2704 1331 2750 cou-

235 2793 383 2856 cinuata.
428 2788 793 2872 Praeliguntur'l'abula
807 2809 931 2866 eorum,
948 2809 1023 2871 quse
1039 2788 1187 2852 continet
1198 2785 1332 2863 Codex,

237 2901 274 2956 et
303 2891 444 2957 Platiuae
480 2889 632 2974 Epistola
662 2891 705 2954 ad
738 2891 914 2955 Maffeum:
946 2891 1052 2953 forma
1077 2889 1143 2954 ito.
1173 2887 1332 2951 Chartae.

237 2991 327 3056 Seec.
343 3007 407 3054 xv.

279 3089 372 3155 Inter
386 3090 580 3174 Ayscongbi
597 3091 704 3155 codd.
721 3091 805 3156 Mss.
820 3091 1046 3174 indescriptos
1064 3090 1110 3154 N.
1134 3090 1232 3155 2557.
1263 3087 1332 3151 Ex·

237 3196 350 3277 carpta
364 3190 469 3256 Plinii
485 3191 569 3257 Nat.
586 3192 678 3256 Hist.
694 3192 751 3255 lib.
772 3208 811 3260 x.
828 3211 902 3274 cap.
917 3191 969 3255 29.
985 3191 1027 3254 de
1043 3190 1239 3255 Philomela.

284 3287 408 3355 Codices
435 3287 632 3355 Oxonienses.
680 3291 843 3356 canonici
867 3292 942 3355 Lat.
965 3290 1011 3354 N.
1038 3292 1113 3356 295.
1146 3290 1331 3356 Membren.

235 3391 321 3456 (lod.
337 3395 508 3473 eleganter
522 3396 668 3476 scriptus
686 3401 719 3457 et
732 3394 940 3458 illuminatus
956 3412 1033 3457 cum
1046 3393 1331 3457 Annotationibns

237 3491 483 3575 marginalibus.
534 3492 607 3557 Fol.
628 3494 763 3577 majoris
792 3493 919 3569 formae,
947 3501 981 3556 et
1006 3491 1211 3574 magnificus.
1261 3493 1332 3557 Sub

237 3591 332 3656 linem
345 3593 497 3674 leguntur
516 3595 606 3658 baec:
630 3592 725 3658 ‘Caii
742 3593 847 3658 Plinii
860 3593 1009 3658 Secundi
1025 3593 1198 3659 Naturalis
1214 3591 1331 3658 Histo-

234 3695 293 3758 rice
310 3691 402 3757 Libri
417 3695 577 3758 tricesimi
596 3695 731 3778 septimi
745 3703 779 3758 et
795 3694 901 3759 ultimi
921 3695 996 3760 finis
1009 3713 1070 3780 per
1083 3692 1331 3778 Hieronymum

235 3794 409 3860 Baliocum
422 3792 672 3860 Novarceusem
685 3795 769 3860 finiti
782 3796 848 3860 Die
858 3794 999 3860 Veneris
1012 3795 1189 3861 undecimo
1203 3795 1331 3860 mensis

236 3895 330 3962 lunii
356 3895 432 3960 anni
452 3895 622 3962 millesimi
645 3896 961 3980 quadringentesimi
985 3896 1221 3980 septuagesimi
1239 3896 1339 3984 noni,¹

235 3999 300 4063 sub
330 3997 559 4063 invictissimis
590 3997 809 4081 Principibus
834 3999 930 4063 Bona
955 4004 990 4062 et
1020 3996 1142 4063 Joann.
1172 3996 1330 4066 Galeaua

236 4097 348 4164 Maria
363 4097 507 4180 Spertia,
525 4098 679 4164 Ducibus
694 4098 901 4164 Mediolani!

278 4198 367 4263 Inter
382 4197 538 4264 Kenelrui
556 4199 689 4284 Digbasi
706 4205 739 4266 et
754 4199 905 4267 Asbmol.
921 4197 1064 4267 codices
1079 4206 1157 4267 sunt
1177 4205 1329 4283 quatuor,
